@book{ref1,
  title={Sistemas de bases de datos. Un enfoque pr치ctico para dise침o, implementaci칩n y gesti칩n},
  author={Connolly, T. M. and Begg, C. E.},
  year={2005},
  publisher={Pearson},
  address={}
}